<?xml version="1.0" encoding="UTF-8"?><collection xmlns="http://www.loc.gov/MARC21/slim"><record><leader>00381nam--2200121-i-4500</leader><controlfield tag="001">000024226</controlfield><controlfield tag="002">20161230</controlfield><controlfield tag="005">20161230201035</controlfield><controlfield tag="008">060222s1000------------r-----000-0-eng-d</controlfield><datafield ind1=" " ind2=" " tag="100"><subfield code="a">Greil, Peter</subfield></datafield><datafield ind1=" " ind2=" " tag="245"><subfield code="a">Einfluss der intergranularen glasphase auf die hochtemperaturgenschaften von siaionen. dissertation</subfield></datafield><datafield ind1=" " ind2=" " tag="260"><subfield code="a">Stuttgart, Institut Fur Metallkunde, 1982. 160 P</subfield></datafield><datafield ind1=" " ind2=" " tag="852"><subfield code="a">70899</subfield></datafield></record></collection>